[gd_scene load_steps=3 format=3 uid="uid://cpp8182ry03tw"]

[ext_resource type="Script" path="res://src/gui/GUI.gd" id="1_e2wif"]
[ext_resource type="PackedScene" uid="uid://bi2y74cp15w2f" path="res://src/gui/UpgradeGUI.tscn" id="2_l8mt0"]

[node name="GUI" type="CanvasLayer"]
script = ExtResource("1_e2wif")

[node name="UpgradeGUI" parent="." instance=ExtResource("2_l8mt0")]
visible = false
mouse_filter = 2

[node name="Control" type="Control" parent="."]
layout_mode = 3
anchors_preset = 15
anchor_right = 1.0
anchor_bottom = 1.0
grow_horizontal = 2
grow_vertical = 2
mouse_filter = 2

[node name="MarginContainer" type="MarginContainer" parent="Control"]
layout_mode = 1
anchors_preset = 10
anchor_right = 1.0
grow_horizontal = 2
theme_override_constants/margin_top = 200

[node name="CenterContainer" type="CenterContainer" parent="Control/MarginContainer"]
layout_mode = 2

[node name="MessageLabel" type="Label" parent="Control/MarginContainer/CenterContainer"]
visible = false
layout_mode = 2
horizontal_alignment = 1
vertical_alignment = 1

[node name="HBoxContainer" type="HBoxContainer" parent="Control"]
layout_mode = 1
anchors_preset = 12
anchor_top = 1.0
anchor_right = 1.0
anchor_bottom = 1.0
grow_horizontal = 2
grow_vertical = 0

[node name="MarginContainer" type="MarginContainer" parent="Control/HBoxContainer"]
layout_mode = 2
theme_override_constants/margin_left = 4
theme_override_constants/margin_top = 4
theme_override_constants/margin_right = 4
theme_override_constants/margin_bottom = 4

[node name="Money" type="VBoxContainer" parent="Control/HBoxContainer/MarginContainer"]
layout_mode = 2

[node name="MoneyTitle" type="Label" parent="Control/HBoxContainer/MarginContainer/Money"]
layout_mode = 2
text = "Money"

[node name="MoneyValue" type="Label" parent="Control/HBoxContainer/MarginContainer/Money"]
layout_mode = 2
horizontal_alignment = 1

[node name="MarginContainer2" type="MarginContainer" parent="Control/HBoxContainer"]
layout_mode = 2
theme_override_constants/margin_left = 4
theme_override_constants/margin_top = 4
theme_override_constants/margin_right = 4
theme_override_constants/margin_bottom = 4

[node name="Health" type="VBoxContainer" parent="Control/HBoxContainer/MarginContainer2"]
layout_mode = 2

[node name="HealthTitle" type="Label" parent="Control/HBoxContainer/MarginContainer2/Health"]
layout_mode = 2
text = "Health"

[node name="HealthValue" type="Label" parent="Control/HBoxContainer/MarginContainer2/Health"]
layout_mode = 2
horizontal_alignment = 1

[node name="MarginContainer3" type="MarginContainer" parent="Control/HBoxContainer"]
layout_mode = 2
theme_override_constants/margin_left = 4
theme_override_constants/margin_top = 4
theme_override_constants/margin_right = 4
theme_override_constants/margin_bottom = 4

[node name="Wave" type="VBoxContainer" parent="Control/HBoxContainer/MarginContainer3"]
layout_mode = 2

[node name="WaveTitle" type="Label" parent="Control/HBoxContainer/MarginContainer3/Wave"]
layout_mode = 2
text = "Wave #"

[node name="WaveValue" type="Label" parent="Control/HBoxContainer/MarginContainer3/Wave"]
layout_mode = 2
horizontal_alignment = 1
