[gd_scene load_steps=8 format=3 uid="uid://caj7fgtib3u23"]

[ext_resource type="Script" path="res://src/systems/Enemy.gd" id="1_4e5ms"]
[ext_resource type="Texture2D" uid="uid://bkhoomjx53eon" path="res://assets/creep1.png" id="2_5n1lp"]
[ext_resource type="Script" path="res://src/systems/movement/CircleStrategy.gd" id="3_tww0i"]
[ext_resource type="PackedScene" uid="uid://6t7sakmqdpcs" path="res://src/systems/attack/RangedStrategy.tscn" id="4_a7o3y"]
[ext_resource type="PackedScene" uid="uid://hjnk1eh0npw2" path="res://src/scenes/health/Health.tscn" id="5_ia1y8"]

[sub_resource type="CapsuleShape2D" id="CapsuleShape2D_eng2h"]
radius = 16.0
height = 44.0

[sub_resource type="CapsuleShape2D" id="CapsuleShape2D_e6nyo"]
radius = 16.0
height = 44.0

[node name="Ranged" type="CharacterBody2D" groups=["enemy"]]
script = ExtResource("1_4e5ms")

[node name="PhysicsCollision" type="CollisionShape2D" parent="."]
position = Vector2(-2, 0)
rotation = 1.5708
shape = SubResource("CapsuleShape2D_eng2h")

[node name="Sprite2D" type="Sprite2D" parent="."]
modulate = Color(1, 1, 0, 1)
texture = ExtResource("2_5n1lp")

[node name="MovementStrategy" type="Node" parent="."]
script = ExtResource("3_tww0i")

[node name="AttackStrategy" parent="." instance=ExtResource("4_a7o3y")]
ATTACK_RANGE = 400.0
ATTACK_DAMAGE = 50.0
ATTACK_SPEED = 4.0
BULLET_SPEED = 1000.0
AIM_TIME = 0.5
RECOVER_TIME = 0.5

[node name="Health" parent="." instance=ExtResource("5_ia1y8")]

[node name="HitBox" type="CollisionShape2D" parent="Health"]
position = Vector2(-2, 0)
rotation = 1.5708
shape = SubResource("CapsuleShape2D_e6nyo")

[connection signal="firing" from="AttackStrategy" to="." method="_on_attack_strategy_firing"]
[connection signal="set_attack_range" from="AttackStrategy" to="." method="_on_attack_strategy_set_attack_range"]
[connection signal="dead" from="Health" to="." method="_on_health_dead"]
